@ARTICLE {ELSEVIER,
    author   = "Dee Dee Wang, Zhen Qian, Marija Vukicevic, Sandy Engelhardt, Arash Kheradvar, Chuck Zhang, Stephen H. Little, Johan Verjans, Dorin Comaniciu, William W. Oâ€™Neill, Mani A. Vannanb",
    title    = "3D Printing, Computational Modeling, and Artificial Intelligence for Structural Heart Disease",
    journal  = ": CARDIOVASCULAR IMAGING",
    year     = "2021",
    volume   = "14",
    number   = "1",
    pages    = "1-20",
    crossref = "https://doi.org/10.1016/j.jcmg.2019.12.022"
}